<record><leader>00000cas a2200000 a 4500</leader><controlfield tag="001">11639039</controlfield><controlfield tag="008">850130d18981986ohudr ne      0    0eng c</controlfield><datafield ind1=" " ind2=" " tag="010"><subfield code="a">sn 84028878 </subfield></datafield><datafield ind1=" " ind2=" " tag="040"><subfield code="a">NPY</subfield><subfield code="b">eng</subfield><subfield code="c">NPY</subfield><subfield code="d">DLC</subfield><subfield code="d">NSD</subfield><subfield code="d">DLC</subfield><subfield code="d">NPI</subfield><subfield code="d">NSD</subfield><subfield code="d">ONP</subfield><subfield code="d">KNP</subfield><subfield code="d">ONP</subfield><subfield code="d">DLC</subfield><subfield code="d">OCLCQ</subfield><subfield code="d">DLC</subfield><subfield code="d">OCLCQ</subfield><subfield code="d">OCLCA</subfield><subfield code="d">OCLCF</subfield></datafield><datafield ind1="1" ind2=" " tag="029"><subfield code="a">AU@</subfield><subfield code="b">000022105314</subfield></datafield><datafield ind1=" " ind2=" " tag="042"><subfield code="a">pcc</subfield></datafield><datafield ind1=" " ind2=" " tag="043"><subfield code="a">n-us-oh</subfield></datafield><datafield ind1="0" ind2="0" tag="050"><subfield code="a">Newspaper</subfield></datafield><datafield ind1="0" ind2=" " tag="130"><subfield code="a">Dayton daily news (Dayton, Ohio : 1898)</subfield></datafield><datafield ind1="1" ind2="4" tag="245"><subfield code="a">The Dayton daily news.</subfield></datafield><datafield ind1="3" ind2="0" tag="246"><subfield code="a">Dayton Sunday news</subfield></datafield><datafield ind1=" " ind2=" " tag="260"><subfield code="a">Dayton, Ohio :</subfield><subfield code="b">Daily News Pub. Co.,</subfield><subfield code="c">1898-1986.</subfield></datafield><datafield ind1=" " ind2=" " tag="300"><subfield code="a">v. :</subfield><subfield code="b">ill.</subfield></datafield><datafield ind1=" " ind2=" " tag="310"><subfield code="a">Daily,</subfield><subfield code="b">Nov. 2, 1913-Sept 14, 1986</subfield></datafield><datafield ind1=" " ind2=" " tag="321"><subfield code="a">Daily (except Sun.),</subfield><subfield code="b">Aug. 22, 1898-Nov. 1, 1913</subfield></datafield><datafield ind1="0" ind2=" " tag="362"><subfield code="a">6th ed. (Aug. 22, 1898)-v. 110, no. 5 (Sept. 14, 1986).</subfield></datafield><datafield ind1=" " ind2=" " tag="500"><subfield code="a">Published on Sunday as: Dayton Sunday news.</subfield></datafield><datafield ind1=" " ind2=" " tag="500"><subfield code="a">"Democratic, 1898-1956; Independent, 1957-&lt;&gt;."</subfield></datafield><datafield ind1=" " ind2=" " tag="515"><subfield code="a">Suspended Dec. 20, 1957-Jan. 13, 1958, Nov. 1-22, 1966, and Aug. 23-Oct. 5, 1969.</subfield></datafield><datafield ind1=" " ind2=" " tag="530"><subfield code="a">Also issued on microfilm from Micro Photo Division, Bell &amp; Howell Co.</subfield></datafield><datafield ind1=" " ind2="0" tag="651"><subfield code="a">Dayton (Ohio)</subfield><subfield code="v">Newspapers.</subfield></datafield><datafield ind1=" " ind2="0" tag="651"><subfield code="a">Montgomery County (Ohio)</subfield><subfield code="v">Newspapers.</subfield></datafield><datafield ind1=" " ind2="7" tag="655"><subfield code="a">Newspapers.</subfield><subfield code="2">fast</subfield><subfield code="0">(OCoLC)fst01423814</subfield></datafield><datafield ind1=" " ind2="7" tag="651"><subfield code="a">Ohio</subfield><subfield code="z">Dayton.</subfield><subfield code="2">fast</subfield><subfield code="0">(OCoLC)fst01204702</subfield></datafield><datafield ind1=" " ind2="7" tag="651"><subfield code="a">Ohio</subfield><subfield code="z">Montgomery County.</subfield><subfield code="2">fast</subfield><subfield code="0">(OCoLC)fst01211918</subfield></datafield><datafield ind1=" " ind2=" " tag="752"><subfield code="a">United States</subfield><subfield code="b">Ohio</subfield><subfield code="c">Montgomery</subfield><subfield code="d">Dayton.</subfield></datafield><datafield ind1="0" ind2="0" tag="780"><subfield code="t">Evening news (Dayton, Ohio)</subfield><subfield code="w">(DLC)sn 88077238</subfield></datafield><datafield ind1="0" ind2="7" tag="785"><subfield code="t">Journal herald (Dayton, Ohio)</subfield><subfield code="w">(DLC)sn 88077237</subfield></datafield><datafield ind1="0" ind2="7" tag="785"><subfield code="t">Dayton daily news, the journal herald</subfield><subfield code="x">0890-8931</subfield><subfield code="w">(DLC)sn 86002845</subfield></datafield><datafield ind1="1" ind2=" " tag="787"><subfield code="t">Dayton image</subfield><subfield code="w">(DLC)sn 85042562</subfield></datafield></record>